@article{rosa2018metodo,
  title={M{\'e}todo de classifica{\c{c}}{\~a}o de pragas por meio de rede neural convolucional profunda},
  author={Rosa, Renan de Paula and others},
  year={2018},
  publisher={Universidade Estadual de Ponta Grossa}
}
@article{wichmann2002contributions,
  title={The contributions of color to recognition memory for natural scenes.},
  author={Wichmann, Felix A and Sharpe, Lindsay T and Gegenfurtner, Karl R},
  journal={Journal of Experimental Psychology: Learning, Memory, and Cognition},
  volume={28},
  number={3},
  pages={509},
  year={2002},
  publisher={American Psychological Association}
}

@inproceedings{vargas2016estudo,
  title={Um estudo sobre redes neurais convolucionais e sua aplica{\c{c}}{\~a}o em detec{\c{c}}{\~a}o de pedestres},
  author={Vargas, Ana Caroline Gomes and Paes, Aline and Vasconcelos, Cristina Nader},
  booktitle={Proceedings of the xxix conference on graphics, patterns and images},
  volume={1},
  number={4},
  year={2016}
}
@article{smilkov2019tensorflow,
  title={Tensorflow. js: Machine learning for the web and beyond},
  author={Smilkov, Daniel and Thorat, Nikhil and Assogba, Yannick and Yuan, Ann and Kreeger, Nick and Yu, Ping and Zhang, Kangyi and Cai, Shanqing and Nielsen, Eric and Soergel, David and others},
  journal={arXiv preprint arXiv:1901.05350},
  year={2019}
}
@book{kasagoni2017building,
  title={Building Modern Web Applications Using Angular},
  author={Kasagoni, Shravan Kumar},
  year={2017},
  publisher={Packt Publishing Ltd}
}

@misc{flanagan1998java,
  title={Java-Script: The Definitive Guide},
  author={Flanagan, David and Novak, Gregor M},
  year={1998},
  publisher={American Institute of Physics}
}